<?xml version="1.0" encoding="UTF-8"?><record xmlns="http://www.loc.gov/MARC21/slim" xmlns:cinclude="http://apache.org/cocoon/include/1.0" xmlns:zs="http://www.loc.gov/zing/srw/">
  <leader>00399nz  a2200133n  4500</leader>
  <controlfield tag="001">nr2001044397</controlfield>
  <controlfield tag="003">DLC</controlfield>
  <controlfield tag="005">20020213033116.0</controlfield>
  <controlfield tag="008">011029n| acannaabn          |a ana     c</controlfield>
  <datafield tag="010" ind1=" " ind2=" ">
    <subfield code="a">nr2001044397</subfield>
  </datafield>
  <datafield tag="040" ind1=" " ind2=" ">
    <subfield code="a">MWA</subfield>
    <subfield code="b">eng</subfield>
    <subfield code="c">CtWfDGI</subfield>
  </datafield>
  <datafield tag="110" ind1="2" ind2=" ">
    <subfield code="a">Buell &amp; Blanchard</subfield>
  </datafield>
  <datafield tag="410" ind1="2" ind2=" ">
    <subfield code="a">Buell and Blanchard</subfield>
  </datafield>
  <datafield tag="670" ind1=" " ind2=" ">
    <subfield code="a">Burlingame, A. Defence of Massachusetts, 1856:</subfield>
    <subfield code="b">t.p. (Buell &amp; Blanchard; printer at Washington D.C.)</subfield>
  </datafield>
</record>